Month,Sales
2023-01-31,15292.15703790299
2023-02-28,11200.471625101669
2023-03-31,12936.213952317217
2023-04-30,16722.679597604372
2023-05-31,15602.673970449901
2023-06-30,7068.1663603707675
2023-07-31,12850.265252576768
2023-08-31,9545.928375106907
2023-09-30,9690.343444619326
2023-10-31,11231.795505815116
2023-11-30,10432.130713482635
2023-12-31,14362.820520888925
